%YAML 1.1
%TAG !u! tag:unity3d.com,2011:
--- !u!29 &1
SceneSettings:
  m_ObjectHideFlags: 0
  m_PVSData: 
  m_PVSObjectsArray: []
  m_PVSPortalsArray: []
  m_OcclusionBakeSettings:
    smallestOccluder: 5
    smallestHole: 0.25
    backfaceThreshold: 100
--- !u!104 &2
RenderSettings:
  m_ObjectHideFlags: 0
  serializedVersion: 7
  m_Fog: 0
  m_FogColor: {r: 0.5, g: 0.5, b: 0.5, a: 1}
  m_FogMode: 3
  m_FogDensity: 0.01
  m_LinearFogStart: 0
  m_LinearFogEnd: 300
  m_AmbientSkyColor: {r: 0.212, g: 0.227, b: 0.259, a: 1}
  m_AmbientEquatorColor: {r: 0.114, g: 0.125, b: 0.133, a: 1}
  m_AmbientGroundColor: {r: 0.047, g: 0.043, b: 0.035, a: 1}
  m_AmbientIntensity: 1
  m_AmbientMode: 0
  m_SkyboxMaterial: {fileID: 10304, guid: 0000000000000000f000000000000000, type: 0}
  m_HaloStrength: 0.5
  m_FlareStrength: 1
  m_FlareFadeSpeed: 3
  m_HaloTexture: {fileID: 0}
  m_SpotCookie: {fileID: 10001, guid: 0000000000000000e000000000000000, type: 0}
  m_DefaultReflectionMode: 0
  m_DefaultReflectionResolution: 128
  m_ReflectionBounces: 1
  m_ReflectionIntensity: 1
  m_CustomReflection: {fileID: 0}
  m_Sun: {fileID: 0}
  m_IndirectSpecularColor: {r: 0, g: 0, b: 0, a: 1}
--- !u!157 &3
LightmapSettings:
  m_ObjectHideFlags: 0
  serializedVersion: 7
  m_GIWorkflowMode: 1
  m_GISettings:
    serializedVersion: 2
    m_BounceScale: 1
    m_IndirectOutputScale: 1
    m_AlbedoBoost: 1
    m_TemporalCoherenceThreshold: 1
    m_EnvironmentLightingMode: 0
    m_EnableBakedLightmaps: 1
    m_EnableRealtimeLightmaps: 1
  m_LightmapEditorSettings:
    serializedVersion: 4
    m_Resolution: 2
    m_BakeResolution: 40
    m_TextureWidth: 1024
    m_TextureHeight: 1024
    m_AO: 0
    m_AOMaxDistance: 1
    m_CompAOExponent: 1
    m_CompAOExponentDirect: 0
    m_Padding: 2
    m_LightmapParameters: {fileID: 0}
    m_LightmapsBakeMode: 1
    m_TextureCompression: 1
    m_DirectLightInLightProbes: 1
    m_FinalGather: 0
    m_FinalGatherFiltering: 1
    m_FinalGatherRayCount: 256
    m_ReflectionCompression: 2
  m_LightingDataAsset: {fileID: 112000001, guid: ef64d8b682c51e7428d1505b7d701024,
    type: 2}
  m_RuntimeCPUUsage: 25
--- !u!196 &4
NavMeshSettings:
  serializedVersion: 2
  m_ObjectHideFlags: 0
  m_BuildSettings:
    serializedVersion: 2
    agentRadius: 0.5
    agentHeight: 2
    agentSlope: 45
    agentClimb: 0.4
    ledgeDropHeight: 0
    maxJumpAcrossDistance: 0
    accuratePlacement: 0
    minRegionArea: 2
    cellSize: 0.16666667
    manualCellSize: 0
  m_NavMeshData: {fileID: 0}
--- !u!1001 &69748790
Prefab:
  m_ObjectHideFlags: 0
  serializedVersion: 2
  m_Modification:
    m_TransformParent: {fileID: 0}
    m_Modifications:
    - target: {fileID: 4000013639801556, guid: 55f3d9ded568b104d85df2044504847b, type: 2}
      propertyPath: m_LocalPosition.x
      value: -0.78784716
      objectReference: {fileID: 0}
    - target: {fileID: 4000013639801556, guid: 55f3d9ded568b104d85df2044504847b, type: 2}
      propertyPath: m_LocalPosition.y
      value: -8.04
      objectReference: {fileID: 0}
    - target: {fileID: 4000013639801556, guid: 55f3d9ded568b104d85df2044504847b, type: 2}
      propertyPath: m_LocalPosition.z
      value: -3.331301
      objectReference: {fileID: 0}
    - target: {fileID: 4000013639801556, guid: 55f3d9ded568b104d85df2044504847b, type: 2}
      propertyPath: m_LocalRotation.x
      value: 0
      objectReference: {fileID: 0}
    - target: {fileID: 4000013639801556, guid: 55f3d9ded568b104d85df2044504847b, type: 2}
      propertyPath: m_LocalRotation.y
      value: 0
      objectReference: {fileID: 0}
    - target: {fileID: 4000013639801556, guid: 55f3d9ded568b104d85df2044504847b, type: 2}
      propertyPath: m_LocalRotation.z
      value: 0
      objectReference: {fileID: 0}
    - target: {fileID: 4000013639801556, guid: 55f3d9ded568b104d85df2044504847b, type: 2}
      propertyPath: m_LocalRotation.w
      value: 1
      objectReference: {fileID: 0}
    - target: {fileID: 4000013639801556, guid: 55f3d9ded568b104d85df2044504847b, type: 2}
      propertyPath: m_RootOrder
      value: 1
      objectReference: {fileID: 0}
    - target: {fileID: 144000011733138720, guid: 55f3d9ded568b104d85df2044504847b,
        type: 2}
      propertyPath: m_ConnectedAnchor.x
      value: 0.7249725
      objectReference: {fileID: 0}
    - target: {fileID: 144000011733138720, guid: 55f3d9ded568b104d85df2044504847b,
        type: 2}
      propertyPath: m_ConnectedAnchor.y
      value: -0.4988782
      objectReference: {fileID: 0}
    - target: {fileID: 144000011733138720, guid: 55f3d9ded568b104d85df2044504847b,
        type: 2}
      propertyPath: m_ConnectedAnchor.z
      value: -0.0008064619
      objectReference: {fileID: 0}
    - target: {fileID: 144000012462539666, guid: 55f3d9ded568b104d85df2044504847b,
        type: 2}
      propertyPath: m_ConnectedAnchor.x
      value: 0.00018808947
      objectReference: {fileID: 0}
    - target: {fileID: 144000012462539666, guid: 55f3d9ded568b104d85df2044504847b,
        type: 2}
      propertyPath: m_ConnectedAnchor.y
      value: 1.9499848
      objectReference: {fileID: 0}
    - target: {fileID: 144000010766593662, guid: 55f3d9ded568b104d85df2044504847b,
        type: 2}
      propertyPath: m_ConnectedAnchor.x
      value: 0.0000010617077
      objectReference: {fileID: 0}
    - target: {fileID: 144000010766593662, guid: 55f3d9ded568b104d85df2044504847b,
        type: 2}
      propertyPath: m_ConnectedAnchor.y
      value: 2.0038517
      objectReference: {fileID: 0}
    - target: {fileID: 144000010766593662, guid: 55f3d9ded568b104d85df2044504847b,
        type: 2}
      propertyPath: m_ConnectedAnchor.z
      value: 0.00000020861626
      objectReference: {fileID: 0}
    - target: {fileID: 144000013905862354, guid: 55f3d9ded568b104d85df2044504847b,
        type: 2}
      propertyPath: m_ConnectedAnchor.x
      value: -0.00000015646219
      objectReference: {fileID: 0}
    - target: {fileID: 144000013905862354, guid: 55f3d9ded568b104d85df2044504847b,
        type: 2}
      propertyPath: m_ConnectedAnchor.y
      value: 3.99353
      objectReference: {fileID: 0}
    - target: {fileID: 144000013905862354, guid: 55f3d9ded568b104d85df2044504847b,
        type: 2}
      propertyPath: m_ConnectedAnchor.z
      value: 0.00000033527613
      objectReference: {fileID: 0}
    - target: {fileID: 144000011701471114, guid: 55f3d9ded568b104d85df2044504847b,
        type: 2}
      propertyPath: m_ConnectedAnchor.x
      value: -0.00000083073974
      objectReference: {fileID: 0}
    - target: {fileID: 144000011701471114, guid: 55f3d9ded568b104d85df2044504847b,
        type: 2}
      propertyPath: m_ConnectedAnchor.y
      value: 2.0042055
      objectReference: {fileID: 0}
    - target: {fileID: 144000011701471114, guid: 55f3d9ded568b104d85df2044504847b,
        type: 2}
      propertyPath: m_ConnectedAnchor.z
      value: 0
      objectReference: {fileID: 0}
    - target: {fileID: 144000012943047040, guid: 55f3d9ded568b104d85df2044504847b,
        type: 2}
      propertyPath: m_ConnectedAnchor.x
      value: 1.8104514
      objectReference: {fileID: 0}
    - target: {fileID: 144000012943047040, guid: 55f3d9ded568b104d85df2044504847b,
        type: 2}
      propertyPath: m_ConnectedAnchor.y
      value: 2.1789646
      objectReference: {fileID: 0}
    - target: {fileID: 144000012943047040, guid: 55f3d9ded568b104d85df2044504847b,
        type: 2}
      propertyPath: m_ConnectedAnchor.z
      value: -0.04721105
      objectReference: {fileID: 0}
    - target: {fileID: 144000010734016790, guid: 55f3d9ded568b104d85df2044504847b,
        type: 2}
      propertyPath: m_ConnectedAnchor.x
      value: -1.8104513
      objectReference: {fileID: 0}
    - target: {fileID: 144000010734016790, guid: 55f3d9ded568b104d85df2044504847b,
        type: 2}
      propertyPath: m_ConnectedAnchor.y
      value: 2.1766787
      objectReference: {fileID: 0}
    - target: {fileID: 144000010734016790, guid: 55f3d9ded568b104d85df2044504847b,
        type: 2}
      propertyPath: m_ConnectedAnchor.z
      value: -0.021909505
      objectReference: {fileID: 0}
    - target: {fileID: 144000012708611650, guid: 55f3d9ded568b104d85df2044504847b,
        type: 2}
      propertyPath: m_ConnectedAnchor.y
      value: 3.0585923
      objectReference: {fileID: 0}
    - target: {fileID: 144000012708611650, guid: 55f3d9ded568b104d85df2044504847b,
        type: 2}
      propertyPath: m_ConnectedAnchor.z
      value: 0.17338213
      objectReference: {fileID: 0}
    - target: {fileID: 144000013939599998, guid: 55f3d9ded568b104d85df2044504847b,
        type: 2}
      propertyPath: m_ConnectedAnchor.x
      value: 0.00000024586916
      objectReference: {fileID: 0}
    - target: {fileID: 144000013939599998, guid: 55f3d9ded568b104d85df2044504847b,
        type: 2}
      propertyPath: m_ConnectedAnchor.y
      value: 3.9934998
      objectReference: {fileID: 0}
    - target: {fileID: 144000013939599998, guid: 55f3d9ded568b104d85df2044504847b,
        type: 2}
      propertyPath: m_ConnectedAnchor.z
      value: 0.0000009983778
      objectReference: {fileID: 0}
    - target: {fileID: 144000013206109738, guid: 55f3d9ded568b104d85df2044504847b,
        type: 2}
      propertyPath: m_ConnectedAnchor.x
      value: -0.7249729
      objectReference: {fileID: 0}
    - target: {fileID: 144000013206109738, guid: 55f3d9ded568b104d85df2044504847b,
        type: 2}
      propertyPath: m_ConnectedAnchor.y
      value: -0.4988778
      objectReference: {fileID: 0}
    - target: {fileID: 144000013206109738, guid: 55f3d9ded568b104d85df2044504847b,
        type: 2}
      propertyPath: m_ConnectedAnchor.z
      value: -0.0109178955
      objectReference: {fileID: 0}
    m_RemovedComponents: []
  m_ParentPrefab: {fileID: 100100000, guid: 55f3d9ded568b104d85df2044504847b, type: 2}
  m_IsPrefabParent: 0
--- !u!1 &937235939
GameObject:
  m_ObjectHideFlags: 0
  m_PrefabParentObject: {fileID: 0}
  m_PrefabInternal: {fileID: 0}
  serializedVersion: 4
  m_Component:
  - 4: {fileID: 937235944}
  - 20: {fileID: 937235943}
  - 92: {fileID: 937235942}
  - 124: {fileID: 937235941}
  - 81: {fileID: 937235940}
  m_Layer: 0
  m_Name: Main Camera
  m_TagString: MainCamera
  m_Icon: {fileID: 0}
  m_NavMeshLayer: 0
  m_StaticEditorFlags: 0
  m_IsActive: 1
--- !u!81 &937235940
AudioListener:
  m_ObjectHideFlags: 0
  m_PrefabParentObject: {fileID: 0}
  m_PrefabInternal: {fileID: 0}
  m_GameObject: {fileID: 937235939}
  m_Enabled: 1
--- !u!124 &937235941
Behaviour:
  m_ObjectHideFlags: 0
  m_PrefabParentObject: {fileID: 0}
  m_PrefabInternal: {fileID: 0}
  m_GameObject: {fileID: 937235939}
  m_Enabled: 1
--- !u!92 &937235942
Behaviour:
  m_ObjectHideFlags: 0
  m_PrefabParentObject: {fileID: 0}
  m_PrefabInternal: {fileID: 0}
  m_GameObject: {fileID: 937235939}
  m_Enabled: 1
--- !u!20 &937235943
Camera:
  m_ObjectHideFlags: 0
  m_PrefabParentObject: {fileID: 0}
  m_PrefabInternal: {fileID: 0}
  m_GameObject: {fileID: 937235939}
  m_Enabled: 1
  serializedVersion: 2
  m_ClearFlags: 1
  m_BackGroundColor: {r: 0.19215687, g: 0.3019608, b: 0.4745098, a: 0}
  m_NormalizedViewPortRect:
    serializedVersion: 2
    x: 0
    y: 0
    width: 1
    height: 1
  near clip plane: 0.3
  far clip plane: 1000
  field of view: 60
  orthographic: 0
  orthographic size: 5
  m_Depth: -1
  m_CullingMask:
    serializedVersion: 2
    m_Bits: 4294967295
  m_RenderingPath: -1
  m_TargetTexture: {fileID: 0}
  m_TargetDisplay: 0
  m_TargetEye: 3
  m_HDR: 0
  m_OcclusionCulling: 1
  m_StereoConvergence: 10
  m_StereoSeparation: 0.022
  m_StereoMirrorMode: 0
--- !u!4 &937235944
Transform:
  m_ObjectHideFlags: 0
  m_PrefabParentObject: {fileID: 0}
  m_PrefabInternal: {fileID: 0}
  m_GameObject: {fileID: 937235939}
  m_LocalRotation: {x: 0.1131085, y: 0.356635, z: -0.04354566, w: 0.9263486}
  m_LocalPosition: {x: -6.496462, y: -4.6166086, z: -8.380998}
  m_LocalScale: {x: 1, y: 1, z: 1}
  m_LocalEulerAnglesHint: {x: 0, y: 0, z: 0}
  m_Children: []
  m_Father: {fileID: 0}
  m_RootOrder: 0
--- !u!1 &1613430408
GameObject:
  m_ObjectHideFlags: 0
  m_PrefabParentObject: {fileID: 0}
  m_PrefabInternal: {fileID: 0}
  serializedVersion: 4
  m_Component:
  - 4: {fileID: 1613430410}
  - 108: {fileID: 1613430409}
  m_Layer: 0
  m_Name: Directional Light
  m_TagString: Untagged
  m_Icon: {fileID: 0}
  m_NavMeshLayer: 0
  m_StaticEditorFlags: 0
  m_IsActive: 1
--- !u!108 &1613430409
Light:
  m_ObjectHideFlags: 0
  m_PrefabParentObject: {fileID: 0}
  m_PrefabInternal: {fileID: 0}
  m_GameObject: {fileID: 1613430408}
  m_Enabled: 1
  serializedVersion: 7
  m_Type: 1
  m_Color: {r: 1, g: 0.95686275, b: 0.8392157, a: 1}
  m_Intensity: 1
  m_Range: 10
  m_SpotAngle: 30
  m_CookieSize: 10
  m_Shadows:
    m_Type: 2
    m_Resolution: -1
    m_CustomResolution: -1
    m_Strength: 1
    m_Bias: 0.05
    m_NormalBias: 0.4
    m_NearPlane: 0.2
  m_Cookie: {fileID: 0}
  m_DrawHalo: 0
  m_Flare: {fileID: 0}
  m_RenderMode: 0
  m_CullingMask:
    serializedVersion: 2
    m_Bits: 4294967295
  m_Lightmapping: 4
  m_AreaSize: {x: 1, y: 1}
  m_BounceIntensity: 1
  m_ShadowRadius: 0
  m_ShadowAngle: 0
--- !u!4 &1613430410
Transform:
  m_ObjectHideFlags: 0
  m_PrefabParentObject: {fileID: 0}
  m_PrefabInternal: {fileID: 0}
  m_GameObject: {fileID: 1613430408}
  m_LocalRotation: {x: 0.40821788, y: -0.23456968, z: 0.10938163, w: 0.8754261}
  m_LocalPosition: {x: 0, y: 3, z: 0}
  m_LocalScale: {x: 1, y: 1, z: 1}
  m_LocalEulerAnglesHint: {x: 50, y: -30, z: 0}
  m_Children: []
  m_Father: {fileID: 0}
  m_RootOrder: 3
--- !u!1 &1664225427
GameObject:
  m_ObjectHideFlags: 0
  m_PrefabParentObject: {fileID: 0}
  m_PrefabInternal: {fileID: 0}
  serializedVersion: 4
  m_Component:
  - 4: {fileID: 1664225431}
  - 33: {fileID: 1664225430}
  - 65: {fileID: 1664225429}
  - 23: {fileID: 1664225428}
  m_Layer: 0
  m_Name: Cube
  m_TagString: Untagged
  m_Icon: {fileID: 0}
  m_NavMeshLayer: 0
  m_StaticEditorFlags: 0
  m_IsActive: 1
--- !u!23 &1664225428
MeshRenderer:
  m_ObjectHideFlags: 0
  m_PrefabParentObject: {fileID: 0}
  m_PrefabInternal: {fileID: 0}
  m_GameObject: {fileID: 1664225427}
  m_Enabled: 1
  m_CastShadows: 1
  m_ReceiveShadows: 1
  m_MotionVectors: 1
  m_LightProbeUsage: 1
  m_ReflectionProbeUsage: 1
  m_Materials:
  - {fileID: 10303, guid: 0000000000000000f000000000000000, type: 0}
  m_SubsetIndices: 
  m_StaticBatchRoot: {fileID: 0}
  m_ProbeAnchor: {fileID: 0}
  m_LightProbeVolumeOverride: {fileID: 0}
  m_ScaleInLightmap: 1
  m_PreserveUVs: 1
  m_IgnoreNormalsForChartDetection: 0
  m_ImportantGI: 0
  m_SelectedWireframeHidden: 0
  m_MinimumChartSize: 4
  m_AutoUVMaxDistance: 0.5
  m_AutoUVMaxAngle: 89
  m_LightmapParameters: {fileID: 0}
  m_SortingLayerID: 0
  m_SortingOrder: 0
--- !u!65 &1664225429
BoxCollider:
  m_ObjectHideFlags: 0
  m_PrefabParentObject: {fileID: 0}
  m_PrefabInternal: {fileID: 0}
  m_GameObject: {fileID: 1664225427}
  m_Material: {fileID: 0}
  m_IsTrigger: 0
  m_Enabled: 1
  serializedVersion: 2
  m_Size: {x: 1, y: 1, z: 1}
  m_Center: {x: 0, y: 0, z: 0}
--- !u!33 &1664225430
MeshFilter:
  m_ObjectHideFlags: 0
  m_PrefabParentObject: {fileID: 0}
  m_PrefabInternal: {fileID: 0}
  m_GameObject: {fileID: 1664225427}
  m_Mesh: {fileID: 10202, guid: 0000000000000000e000000000000000, type: 0}
--- !u!4 &1664225431
Transform:
  m_ObjectHideFlags: 0
  m_PrefabParentObject: {fileID: 0}
  m_PrefabInternal: {fileID: 0}
  m_GameObject: {fileID: 1664225427}
  m_LocalRotation: {x: 0, y: 0, z: 0, w: 1}
  m_LocalPosition: {x: -0.33, y: -8.54, z: -0.26}
  m_LocalScale: {x: 10, y: 1, z: 10}
  m_LocalEulerAnglesHint: {x: 0, y: 0, z: 0}
  m_Children: []
  m_Father: {fileID: 0}
  m_RootOrder: 4
--- !u!1001 &1736992690
Prefab:
  m_ObjectHideFlags: 0
  serializedVersion: 2
  m_Modification:
    m_TransformParent: {fileID: 0}
    m_Modifications:
    - target: {fileID: 4000014072358474, guid: 0f3aca6db0aeec74d9d08298c24fc9ca, type: 2}
      propertyPath: m_LocalPosition.x
      value: 0.20623723
      objectReference: {fileID: 0}
    - target: {fileID: 4000014072358474, guid: 0f3aca6db0aeec74d9d08298c24fc9ca, type: 2}
      propertyPath: m_LocalPosition.y
      value: -7.1949997
      objectReference: {fileID: 0}
    - target: {fileID: 4000014072358474, guid: 0f3aca6db0aeec74d9d08298c24fc9ca, type: 2}
      propertyPath: m_LocalPosition.z
      value: -0.36567092
      objectReference: {fileID: 0}
    - target: {fileID: 4000014072358474, guid: 0f3aca6db0aeec74d9d08298c24fc9ca, type: 2}
      propertyPath: m_LocalRotation.x
      value: 0
      objectReference: {fileID: 0}
    - target: {fileID: 4000014072358474, guid: 0f3aca6db0aeec74d9d08298c24fc9ca, type: 2}
      propertyPath: m_LocalRotation.y
      value: 0
      objectReference: {fileID: 0}
    - target: {fileID: 4000014072358474, guid: 0f3aca6db0aeec74d9d08298c24fc9ca, type: 2}
      propertyPath: m_LocalRotation.z
      value: 0
      objectReference: {fileID: 0}
    - target: {fileID: 4000014072358474, guid: 0f3aca6db0aeec74d9d08298c24fc9ca, type: 2}
      propertyPath: m_LocalRotation.w
      value: 1
      objectReference: {fileID: 0}
    - target: {fileID: 4000014072358474, guid: 0f3aca6db0aeec74d9d08298c24fc9ca, type: 2}
      propertyPath: m_RootOrder
      value: 2
      objectReference: {fileID: 0}
    m_RemovedComponents: []
  m_ParentPrefab: {fileID: 100100000, guid: 0f3aca6db0aeec74d9d08298c24fc9ca, type: 2}
  m_IsPrefabParent: 0
